<record><leader>00000cas a2200000 a 4500</leader><controlfield tag="001">35251100</controlfield><controlfield tag="008">960816d1887189umiuwr ne      0    0eng c</controlfield><datafield ind1=" " ind2=" " tag="010"><subfield code="a">sn 96076986 </subfield></datafield><datafield ind1=" " ind2=" " tag="040"><subfield code="a">MHN</subfield><subfield code="b">eng</subfield><subfield code="c">MHN</subfield><subfield code="d">OCL</subfield><subfield code="d">OCLCQ</subfield><subfield code="d">OCLCF</subfield><subfield code="d">OCLCO</subfield></datafield><datafield ind1="1" ind2=" " tag="029"><subfield code="a">AU@</subfield><subfield code="b">000012746059</subfield></datafield><datafield ind1=" " ind2=" " tag="042"><subfield code="a">pcc</subfield></datafield><datafield ind1=" " ind2=" " tag="043"><subfield code="a">n-us-mi</subfield></datafield><datafield ind1="0" ind2=" " tag="130"><subfield code="a">Sunday morning eagle (Grand Rapids, Mich.)</subfield></datafield><datafield ind1="1" ind2="0" tag="245"><subfield code="a">Sunday morning eagle.</subfield></datafield><datafield ind1=" " ind2=" " tag="260"><subfield code="a">Grand Rapids, Mich. :</subfield><subfield code="b">A.B. Turner Co.</subfield></datafield><datafield ind1=" " ind2=" " tag="300"><subfield code="a">v.</subfield></datafield><datafield ind1=" " ind2=" " tag="310"><subfield code="a">Weekly</subfield></datafield><datafield ind1="0" ind2=" " tag="362"><subfield code="a">-v. 6, no. 9 (Dec. 17, 1893) ; 6th yr. (Dec. 24, 1893)-</subfield></datafield><datafield ind1="1" ind2=" " tag="362"><subfield code="a">Began in 1887.</subfield></datafield><datafield ind1=" " ind2=" " tag="580"><subfield code="a">Daily ed.: Grand Rapids eagle (Grand Rapids, Mich. : Daily).</subfield></datafield><datafield ind1=" " ind2=" " tag="580"><subfield code="a">Weekly ed.: Grand Rapids eagle (Grand Rapids, Mich. : Weekly).</subfield></datafield><datafield ind1=" " ind2=" " tag="588"><subfield code="a">Description based on: Vol. 1, no. 7 (Jan. 1, 1888).</subfield></datafield><datafield ind1=" " ind2="0" tag="651"><subfield code="a">Grand Rapids (Mich.)</subfield><subfield code="v">Newspapers.</subfield></datafield><datafield ind1=" " ind2="0" tag="651"><subfield code="a">Kent County (Mich.)</subfield><subfield code="v">Newspapers.</subfield></datafield><datafield ind1=" " ind2="7" tag="655"><subfield code="a">Newspapers.</subfield><subfield code="2">fast</subfield><subfield code="0">(OCoLC)fst01423814</subfield></datafield><datafield ind1=" " ind2="7" tag="651"><subfield code="a">Michigan</subfield><subfield code="z">Grand Rapids.</subfield><subfield code="2">fast</subfield><subfield code="0">(OCoLC)fst01206920</subfield></datafield><datafield ind1=" " ind2="7" tag="651"><subfield code="a">Michigan</subfield><subfield code="z">Kent County.</subfield><subfield code="2">fast</subfield><subfield code="0">(OCoLC)fst01202912</subfield></datafield><datafield ind1=" " ind2=" " tag="752"><subfield code="a">United States</subfield><subfield code="b">Michigan</subfield><subfield code="c">Kent</subfield><subfield code="d">Grand Rapids.</subfield></datafield><datafield ind1="1" ind2=" " tag="775"><subfield code="t">Grand Rapids eagle (Grand Rapids, Mich. :Daily)</subfield><subfield code="w">(DLC)sn 96076985</subfield><subfield code="w">(OCoLC)35251192</subfield></datafield><datafield ind1="1" ind2=" " tag="775"><subfield code="t">Grand Rapids eagle (Grand Rapids, Mich. : Weekly)</subfield><subfield code="w">(DLC)sn 85033625</subfield><subfield code="w">(OCoLC)12115852</subfield></datafield><datafield ind1="0" ind2="0" tag="785"><subfield code="t">Grand Rapids eagle (Grand Rapids, Mich. : Weekly: Sunday ed.)</subfield><subfield code="w">(DLC)sn 98066546</subfield><subfield code="w">(OCoLC)40504587</subfield></datafield></record>